% This file was created with JabRef 2.8.1.
% Encoding: Cp1252

@ARTICLE{bentley:1999,
  title = {{P}rogramming {P}earls},
  publisher = {Addison--Wesley},
  year = {1999},
  author = {Jon Bentley},
  address = {Boston, MA, USA},
  edition = {2nd}
}

@ARTICLE{DJANGOH,
  title = {Prospects for charged current deep-inelastic scattering off polarized nucleons at a future electron-ion collider},
  author = {E. C. Aschenauer, T. Burton, T. Martini, H. Spiesberger, M. Stratmann},
  journal = {Phys. Rev. D},
  year = {2013}
  volume = {\textbf{88}}
  pages = {114025},
}

H. Spiesberger, HERACLES and DJANGOH : Event Generation of \textit{ep} Interactions at HERA Including Radiative Processes (Version 1.6) (2005, available on : \url{http://wwwthep.physik.uni-mainz.de/~hspiesb/djangoh/djangoh.html}) and reference therein, especially [9] and [13].

@ARTICLE{LEPTO,
  title = {LEPTO 6.5: A Monte Carlo generator for deep inelastic lepton - nucleon scattering},
  author = {G. Ingelman, A. Edin, J. Rathsman},
  journal = {Comput.Phys.Commun.}
  year = {1997},
  volume = {\textbf{101}},
  pages = {108-134},
}

@ARTICLE{ARIADNE,
  title = {Ariadne version 4 â€” A program for simulation of QDC cascades implementing the colour dipole model},
  author = {L. L\"onnblad},
  journal = {Comput. Phys. Commun.},
  year = {1992},
  volume = {\textbf{71}},
  pages = {15},
}

@ARTICLE{PYTHIA6,
  title = {PYTHIA 6.4 Physics and Manual},
  author = {T. Sj\"ostrand, S. Mrenna, and P. Z. Skands},
  journal = {JHEP},
  year = {2006},
  volume = {\textbf{05}},
  pages = {026},
}

@ARTICLE{JETSET,
  title = {The Lund Monte Carlo for jet fragmentation and $e^+$ $e^-$ physics - jetset version 6.3 - an update},
  author = {T. Sj\"ostrand and M. Bengtsson},
  journal = {Comp. Phys. Commun.},
  year = {1987},
  volume = {\textbf{43}},
  pages = {367},
}

@ARTICLE{SOPHIA,
  title = {Monte-Carlo simulations of photohadronic processes in astrophysics},
  author = {A. M\"ucke, R. Engel, J. P. Rachen, R. J. Protheroe and T. Stanev},
  journal = {Comput. Phys. Commun.},
  year = {2000},
  volume = {\textbf{124}},
  pages = {290},
}

@ARTICLE{RADGEN,
  title = {RADGEN 1.0: Monte Carlo generator for radiative events in DIS on polarized and unpolarized targets},
  author = {I. Akushevich et al.},
  journal = {Hamburg 1998/1999, Monte Carlo generators for HERA physics},
  pages = {554-565},
}

@ARTICLE{AXO,
  title = {AXO User Manual},
  author = {S. de Jong, J. Vermaseren},
  journal = {NIKHEF-H Report},
  year = {1987},
}

@ARTICLE{VEGAS,
  title = {A new algorithm for adaptive multidimensional integration},
  author = {G. P. Lepage},
  journal = {J. Comp. Physics},
  year = {1978},
  volume = {\textbf{27}},
  pages = {192},
}

@ARTICLE{PDFLIB,
  title = {QCD generators for LEP},
  author = {B. Bambah et al.},
  journal = {CERN-TH. 5466/89},
  year = {1989},
}

@ARTICLE{BPnote,
  title = {Comparison of radiative processes calculations in TERAD and DJANGOH},
  author = {N. Pierre, B. Badelek},
  journal = {COMPASS note 2017-3},
  year = {2017},
}

@ARTICLE{SMC,
  title = {SM Collaboration},
  author = {B. Adeva et al.},
  journal = {Phys. Rev. D},
  year = {1998},
  volume = {\textbf{58}},
  pages = {112001 (Appendix)},
}

@ARTICLE{BK,
  title = {Electroproduction structure function $F_2$ in the low $Q^2$, low $x$ region},
  author = {B. Badelek and J. Kwiecinski},
  journal = {Phys. Lett. B},
  year = {1992},
  volume = {\text{295}},
  pages = {263},
}

@ARTICLE{R1998,
  title = {E143 Collaboration},
  author = {K. Abe et al.},
  journal = {Phys. Lett. B},
  year = {1999},
  volume = {\text{452}},
  pages = {194},
}

@ARTICLE{HubertF2Rad,
  title = {QED Radiative Corrections for Parton Distributions},
  author = {H. Spiesberger},
  journal = {Phys. Rev. D},
  year = {1995},
  volume = {\textbf{52}},
  pages = {4936-4940},
}

@ARTICLE{TERAD,
  title = {Model independent QED corrections to the process $e p \rightarrow e X$},
  author = {A.A. Akhundov et al.},
  journal = {Fortsch. Phys.},
  year = {1996},
  volume = {\textbf{44}},
  pages = {373},
}

@ARTICLE{,
  title = {},
  author = {},
  journal = {},
  year = {},
  volume = {},
  pages = {},
}

@ARTICLE{,
  title = {},
  author = {},
  journal = {},
  year = {},
  volume = {},
  pages = {},
}
